@article{che2013scheduling,
    title={Scheduling of synchronous data flow models onto scratchpad memory-based embedded processors},
    author={Che, Weijia and Chatha, Karam S},
    journal={ACM Transactions on Embedded Computing Systems (TECS)},
    volume={13},
    number={1s},
    pages={30},
    year={2013},
    publisher={ACM}
}

@book{jantsch2004modeling,
  title={Modeling Embedded Systems and SoC's: Concurrency and Time in Models of Computation},
  author={Jantsch, Axel},
  year={2004},
  publisher={Morgan Kaufmann}
}
